@article{assistants,
    author =       "Sang-Yeol Lee and Seon-Chill Kim and Myoung-Hee Lee and Young-Ik Lee",
    title =        "Comparison of Shoulder and Back Muscle Activation in Caregivers According to Various Handle Heights",
    journal =      "Journal of Physical Therapy Science",
    volume =       "25",
    number =       "10",
    pages =        "1231-1233",
    year =         "2013",
    DOI =          "https://doi.org/10.1589/jpts.25.1231"
}

@article{electricwheelchairs,
    author =       "Oishee Mazumder and Ananda Sankar Kundu and Ritwik Chattaraj and Subhasis Bhaumik",
    title =        "Holonomic wheelchair control using EMG signal and joystick interface",
    journal =      "2014 Recent Advances in Engineering and Computational Sciences, RAECS 2014",
    volume =       "",
    number =       "",
    pages =        "1-6",
    year =         "2014",
    DOI =          "https://doi.org/10.1109/RAECS.2014.6799574"
}

@article{intelligentwheelchairs,
    author =       "André R. Baltazar and Marcelo R. Petry and Manuel F. Silva and António Paulo Moreira",
    title =        "Autonomous wheelchair for patient’s transportation on healthcare institutions",
    journal =      "SN Applied Sciences",
    volume =       "3",
    number =       "3",
    pages =        "1-13",
    year =         "2021",
    DOI =          "https://doi.org/10.1007/s42452-021-04304-1"
}